1793 2892
191 727 574 815 enarrarre

30 988 193 1090 Inter-omnes
208 1027 246 1086 qni
260 1027 319 1072 eirca
332 1028 437 1087 isagogen
450 1027 476 1073 in
490 1027 520 1072 N.
529 1027 558 1072 T.
572 1036 689 1074 versantur
703 1021 738 1073 lo'ss

31 1114 81 1156 uos-4
93 1099 165 1160 nullus
183 1098 236 1159 'fere
256 1106 299 1154 est,
317 1097 367 1155 qui,
385 1106 439 1156 quot
457 1096 565 1155 evangelii
583 1091 656 1143 Marci
673 1098 743 1156 origo-

30 1167 119 1227 eiusque
136 1168 194 1214 ratio
213 1162 268 1212 oum
286 1167 377 1226 reliquis
400 1167 552 1223 intercedens,
573 1175 647 1211 tutet
670 1168 738 1211 tantis

29 1246 144 1297 prematur
159 1237 326 1282 difficultatibus.
353 1238 420 1282 Unde
432 1236 517 1281 factum
531 1244 575 1293 est,
594 1245 620 1279 ut
633 1237 681 1281 aliis
696 1236 738 1281 aliss

30 1314 64 1351 ter
79 1307 120 1350 hae
135 1307 162 1351 de
180 1324 206 1352 re
226 1307 385 1365 cogitantibus,
403 1305 563 1362 scribentibus,
582 1305 737 1378 dimicantibus

31 1375 192 1421 diversissimae
207 1392 286 1434 eaeque
300 1375 359 1421 inter
374 1392 398 1420 se
414 1383 563 1435 repugnantes
581 1373 740 1454 propensum-¹

30 1453 67 1489 tur
84 1445 217 1502 sententiam
239 1446 264 1490 id
283 1447 341 1503 qnod
359 1460 421 1490 secus
439 1443 530 1511 evenire
549 1462 576 1489 eo
596 1445 637 1489 vix
656 1446 740 1505 potuit,v

29 1516 88 1572 quod
107 1531 159 1560 cnm
179 1523 309 1574 argumenta
328 1523 432 1571 externa,
455 1530 509 1573 quae
529 1522 646 1571 vocantur,
671 1522 693 1558 et
711 1531 738 1559 ea

28 1585 127 1648 quidem
136 1585 217 1630 idonea
238 1586 348 1641 deessent,
369 1585 479 1629 adunam
496 1583 609 1629 internam
629 1580 738 1642 evangelii

29 1652 125 1699 indolem
140 1671 187 1700 non
201 1652 291 1713 confugi
309 1670 356 1698 non
374 1662 468 1714 poterat.
498 1654 573 1714 Quam
591 1653 653 1698 enim
667 1665 736 1712 pauca

28 1723 56 1767 de
75 1716 211 1787 evangelistis
230 1724 356 1768 testimonia
375 1724 468 1769 omnino
487 1732 547 1768 certa
564 1723 629 1769 nobis
647 1732 738 1783 praesto

28 1790 87 1850 sint,
106 1793 233 1852 quantisque
247 1792 285 1851 qui
299 1793 327 1838 de
341 1809 420 1838 eorum
437 1793 483 1839 vita
497 1801 520 1837 et
532 1794 596 1838 libris
606 1793 737 1850 'horumque

27 1858 205 1921 fontibus‘atqne
219 1862 306 1921 origine
320 1863 442 1920 disquirere
460 1863 580 1908 moliantur
600 1861 736 1924 difficultad

26 1930 67 1974 bns
80 1931 165 1978 involvi
179 1925 264 2011 etque
256 1931 342 1976 irretiri
356 1934 440 1977 soleant
454 1933 502 1992 quis
516 1928 632 1991 ignorat?
727 1925 729 1928 ’

85 2001 179 2060 Quodsi
186 2002 234 2060 quis
248 2001 301 2046 inde
318 2001 426 2057 miretur,
446 2003 531 2061 quod
524 2002 611 2048 iuvenis
631 2001 741 2069 idemque¹

24 2068 50 2112 in
67 2071 148 2114 litteris
168 2070 295 2129 theologicis
318 2086 365 2116 non
387 2071 419 2117 ita
442 2071 505 2118 valde
527 2080 626 2116 versatus
649 2076 735 2139 tantam

0 2176 2 2203 3
25 2153 84 2215 rem,
98 2138 124 2182 in
138 2155 180 2197 qna
193 2140 237 2200 ipsi
253 2141 350 2199 ilreologi
365 2142 463 2188 veterani
482 2142 592 2187 incassum
605 2140 675 2185 iere
668 2157 733 2199 ruge·

24 2205 62 2251 nia
76 2210 226 2265 exercuerint,
245 2209 288 2253 sibi
307 2210 428 2270 sumpserit
443 2209 614 2265 excutiendam,
632 2211 733 2254 conami-

23 2274 59 2320 nis
77 2292 129 2321 saue
148 2266 214 2343 ardui
232 2293 308 2323 causas
326 2281 395 2326 verbo
414 2280 537 2340 significem
555 2295 644 2325 neeesse
661 2273 739 2340 perne

23 2344 132 2390 videatur.

80 2416 128 2482 Iam
143 2410 242 2484 primum
257 2418 306 2477 ipse
320 2429 356 2464 res
374 2409 431 2465 tanti
445 2420 478 2465 esi
492 2419 612 2474 momenti,
631 2425 656 2463 ut
671 2420 739 2477 quis<
793 2416 796 2420 '

23 2484 71 2543 quis
86 2484 111 2531 in
125 2482 209 2567 cunetis
224 2484 329 2535 historiae
336 2487 408 2536 drum
422 2490 541 2536 servatoru
548 2490 647 2550 partibus
658 2481 731 2570 lucem

516 2568 530 2609 1
