1793 2892
48 207 90 261 soli
89 208 228 269 peculiaria,
242 214 303 256 tanta
308 206 415 268 evangelo
423 198 570 266 componendi
577 205 675 265 facultas,
684 219 755 266 quau

46 266 189 331 taMatthaeo
204 281 319 336 etLucae‚
333 292 447 335 nunquam
466 276 570 335 attributa
589 284 633 335 est,
652 294 693 333 nee
712 276 784 334 ad

47 339 103 393 huc
107 344 245 405 attribuitur3
259 342 406 413 quamobrem
414 363 452 403 ea,
463 360 521 404 quae
539 346 637 405 continet
659 346 762 421 propria-

47 419 151 483 colligere
161 417 316 477 ιο]1ειιιιιιιι’
306 432 335 465 ιιι
349 424 491 478 conspectum
505 416 585 473 dare,
586 423 608 460 et
619 403 702 477 ubiubi
713 433 754 478 re-

47 488 112 546 liquis
131 490 202 548 aliquo
220 489 287 533 modo
305 493 414 547 repugnet
431 487 467 532 vel
485 483 546 530 ab''
530 502 563 530 us
577 475 666 548 repedat
686 502 754 563 mon·

48 566 130 613 strare,
145 575 216 619 opera
226 557 323 618 pretium
337 556 386 601 fore
400 556 483 617 putavi.

49 659 50 662 =
107 628 190 672 Haee⁸
182 644 228 673 1am
230 629 269 672 de
283 627 366 683 causis,
385 642 440 684 quae
454 626 481 670 ad
498 625 557 670 hane
577 641 615 671 me
631 625 754 686 suscipien-

44 698 100 761 dam
116 686 224 757 impulere
237 697 387 758 provinciam,
401 712 535 760 memorasse
548 692 648 741 sufficiat.
680 696 755 742 Ante-

49 775 116 825 quam
129 784 183 812 vero
197 768 287 817 adrem
301 765 373 825 ipsam
387 766 524 825 progrediar,
539 766 621 824 duplex
627 767 754 824 transigen-

49 836 104 889 dum
112 836 147 887 est
160 826 285 894 negotium:
298 830 595 898 primumenimsententiae
609 835 636 879 de
643 834 755 893 evangeli-

50 921 115 950 orum
123 905 209 963 origiue
215 903 346 983 generaliter
355 905 522 959 enumerandae,
536 905 634 949 breviter
643 905 755 964 perstriu-

49 976 133 1031 gendae
145 991 264 1032 meumque
278 973 339 1018 de⁸
323 989 351 1017 ns
369 974 478 1018 iudicium
495 974 642 1031 qualecunque
660 973 756 1017 subiun-

48 1045 159 1107 gendum,
174 1044 253 1096 deinde
266 1052 340 1087 autem
354 1043 434 1104 fontes,
448 1044 507 1090 unde
514 1044 603 1092 Marcus
618 1058 672 1117 quae
685 1042 756 1099 tradit

42 1103 140 1176 *laaurire
152 1114 262 1180 potuerit,
275 1112 395 1185 indicandi

315 1267 449 1323 §1

93 1352 144 1436 De
156 1337 239 1412 trium
251 1351 446 1417 evangeliorum
464 1355 590 1420 priorum
588 1354 709 1417 origine

44 1493 46 1502 ι
93 1433 155 1520 Qui
169 1479 235 1524 cursu
249 1463 348 1528 quamuis
361 1463 406 1519 levi
418 1460 531 1521 evangelia
547 1462 592 1508 tria
608 1478 688 1523 priora
700 1478 755 1522 per-

39 1532 192 1587 solamente,
207 1532 255 1587 imo
269 1533 307 1591 qui
320 1532 360 1577 uni
374 1540 461 1578 tantum
475 1532 542 1593 capiti
556 1529 692 1592 aliquantum
705 1533 756 1576 diu-

50 1601 95 1645 tius
108 1600 226 1658 institerit,
245 1601 265 1646 is
284 1601 358 1662 primo
376 1601 422 1647 iam
440 1604 544 1663 adspectu
561 1617 684 1660 summam,
701 1617 757 1660 quae

49 1687 97 1715 non
114 1673 185 1715 solum
203 1672 231 1715 ad
249 1688 286 1716 res
304 1679 426 1728 enarratas,
448 1688 528 1717 verum
546 1671 613 1716 etiam
630 1673 660 1716 ad
678 1687 756 1716 earum

50 1740 216 1800 collocationem
238 1740 413 1800 depingendique
430 1740 681 1800 rationempemingat,
700 1756 764 1785 oon-.

49 1808 174 1861 sensionem
196 1808 222 1854 in
239 1809 268 1853 iis
286 1809 422 1869 deprehendi
443 1809 509 1854 facile
526 1810 643 1869 intelliget,
661 1810 757 1867 indeque

49 1878 191 1936 evangelistas
218 1886 307 1934 cunctos
338 1896 368 1923 ex
389 1895 441 1924 uuo
467 1880 587 1940 eodemque
608 1876 674 1935 fonte
697 1880 756 1931 liau-

50 1946 104 1990 sisse
122 1947 222 2007 confiteri
241 1965 287 1993 non
307 1949 422 2005 recusabit.
460 1951 534 2007 Quem
556 1948 667 2012 quidem
668 1948 756 2010 iontem

42 2031 101 2069 ,eum
115 2024 191 2074 essent
201 2017 238 2075 qui
253 2019 403 2076 explorare
384 2034 473 2080 eiusque
486 2019 540 2064 lines
558 2027 658 2079 accurate
672 2018 756 2063 consti-

48 2090 118 2138 tuere
129 2094 256 2145 tentarent,
281 2086 365 2131 misum
375 2097 502 2149 quantum
517 2075 697 2144 dissenserunt⁸
689 2103 757 2145 mque

50 2151 165 2231 opiniones
184 2171 263 2215 parum
281 2143 405 2216 probabiles
423 2158 521 2219 prolapsi
539 2165 598 2203 sunt.
621 2159 673 2213 ,Eas
687 2157 757 2216 igitur

49 2221 69 2264 si
82 2222 161 2275 minus
180 2225 318 2283 singulatim,
334 2229 460 2291 generatim
477 2231 554 2273 saltem
573 2228 667 2277 educere
680 2227 757 2274 bresi-

48 2298 125 2349 terque
140 2294 251 2351 exagitare
264 2297 430 2367 haudquaquam
445 2314 458 2342 a
471 2315 497 2343 re
511 2298 607 2342 alienum
619 2298 670 2343 erit.

91 2327 203 2438 'inpletis
216 2361 392 2427 evangeliorum
396 2368 532 2426 cognationis
547 2367 709 2434 explicandae'
701 2358 758 2412 mita
795 2372 797 2374 ’
814 2410 817 2414 .

49 2439 82 2474 est
99 2431 146 2485 sia:
165 2430 203 2475 alii
221 2433 294 2492 enim,
317 2444 342 2480 ut
359 2436 415 2498 lnnc
431 2437 600 2498 principium
593 2431 662 2494 ducat
676 2446 758 2483 mnosua

46 2501 174 2562 dispositio,
185 2513 360 2568 mouumentum
369 2507 462 2566 aliquod
477 2508 598 2568 scriptum,
612 2495 685 2566 noliis
692 2509 757 2568 plane

2 2580 5 2584 .
539 2580 580 2638 11
756 2595 759 2596 ⁷
