1793 2892
433 32 506 113 ss·-
520 54 526 67 Ι,
558 34 560 36 ,

116 198 184 258 plane
197 186 342 256 perspiciant,
357 206 480 252 quaerero
489 211 528 239 ore
542 194 585 257 sibi
598 190 766 257 tradantmijffea
779 196 832 256 ple*

119 266 171 312 nius
181 263 307 323 intelligere
315 265 404 315 omnia.
433 264 511 323 Neque
524 265 550 315 id
563 264 661 319 mirum3
681 265 752 310 verba
761 266 829 310 'enim

120 325 208 380 chartae
221 335 329 378 'mandata
347 335 386 391 iis,
409 334 447 393 qui
467 334 541 379 minus
560 335 585 379 in
603 334 682 378 studiis
704 328 828 390 uersentur,

119 396 250 465 pierumque
268 404 354 448 litterae
372 409 435 460 sunt,
453 413 479 447 ut
497 405 528 447 ita
546 405 629 460 dicam,
650 412 761 461 mortuae,
776 404 828 448 viva

119 482 194 518 autem
209 489 255 518 vox
273 473 343 531 magis
358 489 436 517 corum
453 474 539 518 animos
557 474 627 532 tangit
646 482 717 531 atque,
728 474 843 532 eoncitat.-

106 544 204 599 ·Nonne
218 542 280 586 enim
295 559 330 598 ea,
345 543 385 586 ubi
400 543 508 587 nimirum
523 544 550 587 dc
568 545 634 587 rebus
654 543 763 587 momenti
781 542 829 600 agi-

120 620 169 667 tur,
184 613 269 656 bonum
283 626 390 669 quemque
403 614 546 657 vehementer
560 612 688 672 permoveri
697 620 760 670 atque
776 628 829 670 per-

121 681 170 726 celli
189 681 327 740 experientia
347 682 424 725 docet?
451 683 534 726 Nonne
561 683 667 738 eundem,
692 697 747 738 quae
767 689 829 725 tanta

120 750 191 796 animi
206 750 326 794 attentione
340 751 455 807 audiverit,
470 768 495 795 ca
510 752 537 795 ad
551 752 647 796 litteram
655 751 748 796 reddere
763 767 788 794 ac
801 767 828 794 re

122 822 227 879 exigente
241 820 330 863 chartae
346 820 410 863 etiarn
426 821 531 865 mandare
545 837 609 880 posse
629 821 707 864 itidem
725 818 828 864 certum?

179 889 298 945 Reliquum
312 889 406 946 denique
420 897 463 944 est,
478 899 503 932 ut
517 906 595 933 eorum
613 890 743 949 opinionem
764 905 830 933 cursu

119 959 219 1005 breviter
237 958 422 1016 perstringamus,
446 958 484 1015 qui
502 959 591 1016 quidem
603 975 650 1003 nec
663 958 801 1003 Matthaeurn
815 973 829 1000 a

120 1030 194 1083 Luca,
209 1042 250 1070 nec
264 1026 324 1069 bunc
338 1027 364 1069 ab
385 1027 422 1070 illo
437 1027 462 1071 in
481 1027 644 1072 conscribendis
664 1026 829 1071 commentariis

119 1098 165 1142 ullo
179 1095 310 1155 pependisse
324 1097 391 1140 modo
405 1097 541 1152 concedunt,
560 1098 652 1142 candem
666 1105 741 1140 tamen
761 1095 830 1140 liber-

119 1176 189 1211 tatem
202 1167 280 1210 Marco
295 1165 411 1221 derogant3
430 1166 455 1209 bi
468 1166 568 1226 profecto
588 1166 613 1229 in
627 1165 734 1210 sententia
749 1166 776 1209 de
790 1182 829 1209 ev·

121 1236 258 1294 angciiorum
273 1234 358 1291 origine
371 1235 462 1280 ferenda
476 1252 557 1294 parum
571 1236 614 1278 sibi
627 1242 734 1289 constant,
749 1243 771 1277 et
786 1249 828 1291 quo

121 1322 184 1349 suam
199 1319 248 1348 rem
262 1311 321 1347 recte
336 1303 454 1350 defendant
468 1306 508 1349 vix
522 1305 603 1349 habere
613 1305 723 1350 videntur.
737 1304 828 1348 Etenim

121 1374 206 1432 quoties
227 1374 316 1418 Marcus
336 1389 387 1417 cum
405 1374 449 1418 illis
469 1376 592 1425 consentit,
610 1374 674 1417 toties
692 1389 744 1417 sane
763 1381 785 1416 et
802 1373 828 1416 hi

120 1444 180 1489 inter
195 1460 224 1487 se
233 1442 380 1499 conveniunt3
394 1444 414 1487 si
429 1444 476 1503 quis
490 1460 544 1503 ergo
558 1461 571 1488 e
584 1445 623 1488 tali
639 1443 713 1490 Marci
727 1444 763 1489 vel
777 1460 828 1501 cum
861 1499 863 1501 Ι

120 1514 247 1568 Matthaeo,
262 1514 298 1556 vei
312 1528 363 1557 cum
377 1515 449 1572 Luca,
472 1516 507 1559 vel
521 1531 572 1558 eum
585 1523 679 1573 utroque
692 1513 759 1557 simul
773 1531 829 1559 con-

120 1584 233 1631 venientia
248 1583 349 1628 evincere
366 1586 467 1642 tentarit,
486 1585 549 1630 ilium
563 1602 593 1629 ex
610 1585 691 1631 borum
710 1585 828 1643 evangeliis

121 1672 170 1699 suas
185 1654 287 1699 eduxisse
300 1653 415 1713 historias,
432 1656 451 1698 is
467 1664 504 1700 aut
517 1656 666 1713 Matthaeum,
685 1662 722 1699 aut
735 1655 829 1712 Lucem,

122 1735 148 1770 ut
170 1741 265 1785 quorum
285 1725 376 1785 quisque
399 1728 509 1787 permulta
533 1727 613 1771 babeat
632 1726 694 1771 omni
717 1743 745 1770 ex
766 1735 829 1786 parte

121 1813 174 1843 cum
188 1798 256 1841 altero
271 1797 409 1855 communia,
423 1798 521 1841 eiusdem
535 1798 570 1842 rei
585 1806 661 1856 arguat
668 1813 755 1841 neccsse
769 1805 828 1841 certe

123 1868 172 1912 erit.
202 1866 288 1925 Quodsi
302 1866 371 1925 igitur
386 1868 487 1912 audiendi
503 1876 587 1924 essent,
603 1867 640 1926 qui
654 1882 724 1911 unum
739 1866 827 1910 alterius

120 1938 179 1983 libro
197 1938 222 1981 in
244 1952 309 1980 suum
331 1954 396 1982 usum
418 1938 542 1982 adhibuisse
566 1938 708 1991 existimant,
732 1936 749 1980 ii
769 1952 828 1994 sane,

122 2009 160 2067 qui
181 2023 251 2058 unum
270 2007 296 2050 ab
316 2009 396 2064 altero,
417 2016 438 2051 et
456 2009 550 2053 tertium
569 2010 595 2052 ab
614 2008 652 2052 illo
672 2015 765 2064 utroque
779 2023 828 2051 suas

122 2097 159 2125 res
173 2086 297 2138 reportasse
312 2079 398 2135 dicunt⁷
412 2079 486 2123 minus
500 2079 553 2123 false
571 2078 646 2123 forsan
664 2078 828 2139 contenderent.

183 2150 259 2206 Atqne
274 2148 364 2194 hiciem
378 2150 444 2204 finem
453 2149 545 2209 impono
554 2149 671 2210 scriptioni
685 2158 758 2203 meae3
773 2164 828 2206 quae

124 2228 239 2280 praeterea
258 2220 284 2263 de
305 2221 376 2265 nostri
394 2221 501 2279 evangelii
522 2220 608 2279 origine
628 2218 761 2279 perscripsi,
785 2220 828 2263 aiio

60 2305 62 2309 ·
125 2298 238 2348 tempore,
258 2289 277 2331 si
297 2291 349 2335 deus
368 2291 438 2342 vitam
459 2299 481 2335 et
500 2291 559 2336 vires
582 2289 724 2346 concesserit,
744 2290 828 2349 publici

124 2360 180 2405 iuris
195 2359 280 2404 taciam.
306 2369 310 2380 ”
551 2366 552 2369 ’
